<record><leader>00000cas a2200000 a 4500</leader><controlfield tag="001">32153205</controlfield><controlfield tag="008">950315d19351936azuwr ne      0    0eng d</controlfield><datafield ind1=" " ind2=" " tag="010"><subfield code="a">sn 00060076 </subfield></datafield><datafield ind1=" " ind2=" " tag="040"><subfield code="a">ANN</subfield><subfield code="b">eng</subfield><subfield code="c">ANN</subfield><subfield code="d">OCLCQ</subfield></datafield><datafield ind1=" " ind2=" " tag="043"><subfield code="a">n-us-az</subfield></datafield><datafield ind1="0" ind2=" " tag="130"><subfield code="a">Chamber of Commerce news bulletin (Jerome, Ariz.)</subfield></datafield><datafield ind1="1" ind2="0" tag="245"><subfield code="a">Chamber of Commerce news bulletin.</subfield></datafield><datafield ind1="1" ind2="3" tag="246"><subfield code="a">Jerome Chamber of Commerce news bulletin</subfield><subfield code="f">Dec. 10, 1935</subfield></datafield><datafield ind1=" " ind2=" " tag="260"><subfield code="a">Jerome, Ariz. :</subfield><subfield code="b">Jerome Chamber of Commerce,</subfield><subfield code="c">1935-1936.</subfield></datafield><datafield ind1=" " ind2=" " tag="300"><subfield code="a">v. :</subfield><subfield code="b">ill.</subfield></datafield><datafield ind1=" " ind2=" " tag="310"><subfield code="a">Weekly</subfield></datafield><datafield ind1="0" ind2=" " tag="362"><subfield code="a">[No. 1] (Dec. 3, 1935)-no. 25 (May 18, 1936).</subfield></datafield><datafield ind1=" " ind2="0" tag="651"><subfield code="a">Jerome (Ariz.)</subfield><subfield code="v">Newspapers.</subfield></datafield><datafield ind1=" " ind2="0" tag="651"><subfield code="a">Yavapai County (Ariz.)</subfield><subfield code="v">Newspapers.</subfield></datafield><datafield ind1="2" ind2="4" tag="610"><subfield code="a">Chamber of Commerce (Jerome, Ariz.)</subfield><subfield code="v">Newspapers.</subfield></datafield><datafield ind1=" " ind2=" " tag="752"><subfield code="a">United States</subfield><subfield code="b">Arizona</subfield><subfield code="c">Yavapai</subfield><subfield code="d">Jerome.</subfield></datafield></record>